%YAML 1.1
%TAG !u! tag:unity3d.com,2011:
--- !u!1 &724147959504218588
GameObject:
  m_ObjectHideFlags: 0
  m_CorrespondingSourceObject: {fileID: 0}
  m_PrefabInstance: {fileID: 0}
  m_PrefabAsset: {fileID: 0}
  serializedVersion: 6
  m_Component:
  - component: {fileID: 3374202545515932835}
  m_Layer: 0
  m_Name: GameObject
  m_TagString: car
  m_Icon: {fileID: 0}
  m_NavMeshLayer: 0
  m_StaticEditorFlags: 0
  m_IsActive: 1
--- !u!4 &3374202545515932835
Transform:
  m_ObjectHideFlags: 0
  m_CorrespondingSourceObject: {fileID: 0}
  m_PrefabInstance: {fileID: 0}
  m_PrefabAsset: {fileID: 0}
  m_GameObject: {fileID: 724147959504218588}
  m_LocalRotation: {x: 0, y: -0.7071068, z: 0, w: 0.7071068}
  m_LocalPosition: {x: 0, y: 0, z: 0}
  m_LocalScale: {x: 1, y: 1, z: 1}
  m_Children:
  - {fileID: 5940526692112218091}
  m_Father: {fileID: 4218167617969204024}
  m_RootOrder: 0
  m_LocalEulerAnglesHint: {x: 0, y: -90, z: 0}
--- !u!1 &4218167617969204031
GameObject:
  m_ObjectHideFlags: 0
  m_CorrespondingSourceObject: {fileID: 0}
  m_PrefabInstance: {fileID: 0}
  m_PrefabAsset: {fileID: 0}
  serializedVersion: 6
  m_Component:
  - component: {fileID: 4218167617969204024}
  - component: {fileID: 4218167617969204025}
  - component: {fileID: 4218167617969204020}
  - component: {fileID: 4218167617969204021}
  m_Layer: 0
  m_Name: EnemyStonk
  m_TagString: car
  m_Icon: {fileID: 0}
  m_NavMeshLayer: 0
  m_StaticEditorFlags: 0
  m_IsActive: 1
--- !u!4 &4218167617969204024
Transform:
  m_ObjectHideFlags: 0
  m_CorrespondingSourceObject: {fileID: 0}
  m_PrefabInstance: {fileID: 0}
  m_PrefabAsset: {fileID: 0}
  m_GameObject: {fileID: 4218167617969204031}
  m_LocalRotation: {x: 0, y: 0, z: 0, w: 1}
  m_LocalPosition: {x: 4.39, y: 0.87, z: -26.99}
  m_LocalScale: {x: 1, y: 1, z: 1}
  m_Children:
  - {fileID: 3374202545515932835}
  m_Father: {fileID: 0}
  m_RootOrder: 0
  m_LocalEulerAnglesHint: {x: 0, y: 0, z: 0}
--- !u!65 &4218167617969204025
BoxCollider:
  m_ObjectHideFlags: 0
  m_CorrespondingSourceObject: {fileID: 0}
  m_PrefabInstance: {fileID: 0}
  m_PrefabAsset: {fileID: 0}
  m_GameObject: {fileID: 4218167617969204031}
  m_Material: {fileID: 0}
  m_IsTrigger: 0
  m_Enabled: 1
  serializedVersion: 2
  m_Size: {x: 1, y: 1, z: 1}
  m_Center: {x: 0, y: 0, z: 0}
--- !u!114 &4218167617969204020
MonoBehaviour:
  m_ObjectHideFlags: 0
  m_CorrespondingSourceObject: {fileID: 0}
  m_PrefabInstance: {fileID: 0}
  m_PrefabAsset: {fileID: 0}
  m_GameObject: {fileID: 4218167617969204031}
  m_Enabled: 1
  m_EditorHideFlags: 0
  m_Script: {fileID: 11500000, guid: f356e6e938fc41543b0fadaddbfb997a, type: 3}
  m_Name: 
  m_EditorClassIdentifier: 
  destination: {fileID: 0}
  fireRate: 0.8
  Animator: {fileID: 962811522}
  hitPoints: 10
  Damage: 2
  navMeshAgent: {fileID: 4218167617969204021}
  isDead: 0
  partciles: {fileID: 2468701809793762739}
  Fires: []
--- !u!195 &4218167617969204021
NavMeshAgent:
  m_ObjectHideFlags: 0
  m_CorrespondingSourceObject: {fileID: 0}
  m_PrefabInstance: {fileID: 0}
  m_PrefabAsset: {fileID: 0}
  m_GameObject: {fileID: 4218167617969204031}
  m_Enabled: 1
  m_AgentTypeID: 0
  m_Radius: 0.25
  m_Speed: 8
  m_Acceleration: 8
  avoidancePriority: 50
  m_AngularSpeed: 120
  m_StoppingDistance: 0
  m_AutoTraverseOffMeshLink: 1
  m_AutoBraking: 1
  m_AutoRepath: 1
  m_Height: 1
  m_BaseOffset: 0.5
  m_WalkableMask: 4294967295
  m_ObstacleAvoidanceType: 2
--- !u!95 &962811522
Animator:
  serializedVersion: 3
  m_ObjectHideFlags: 0
  m_CorrespondingSourceObject: {fileID: 0}
  m_PrefabInstance: {fileID: 0}
  m_PrefabAsset: {fileID: 0}
  m_GameObject: {fileID: 7218043515748861432}
  m_Enabled: 1
  m_Avatar: {fileID: 0}
  m_Controller: {fileID: 9100000, guid: c6d74546606db4642b9a0dd0efe3adfd, type: 2}
  m_CullingMode: 0
  m_UpdateMode: 0
  m_ApplyRootMotion: 0
  m_LinearVelocityBlending: 0
  m_WarningMessage: 
  m_HasTransformHierarchy: 1
  m_AllowConstantClipSamplingOptimization: 1
  m_KeepAnimatorControllerStateOnDisable: 0
--- !u!1001 &1660219968501488881
PrefabInstance:
  m_ObjectHideFlags: 0
  serializedVersion: 2
  m_Modification:
    m_TransformParent: {fileID: 3374202545515932835}
    m_Modifications:
    - target: {fileID: -6651519916365649072, guid: 6967f21fbd3982242ab3fa5bb98de506,
        type: 3}
      propertyPath: m_LocalPosition.y
      value: 0.287
      objectReference: {fileID: 0}
    - target: {fileID: -4216859302048453862, guid: 6967f21fbd3982242ab3fa5bb98de506,
        type: 3}
      propertyPath: m_LocalPosition.x
      value: 0
      objectReference: {fileID: 0}
    - target: {fileID: -4216859302048453862, guid: 6967f21fbd3982242ab3fa5bb98de506,
        type: 3}
      propertyPath: m_LocalPosition.y
      value: 0
      objectReference: {fileID: 0}
    - target: {fileID: -4216859302048453862, guid: 6967f21fbd3982242ab3fa5bb98de506,
        type: 3}
      propertyPath: m_LocalPosition.z
      value: 0
      objectReference: {fileID: 0}
    - target: {fileID: -4216859302048453862, guid: 6967f21fbd3982242ab3fa5bb98de506,
        type: 3}
      propertyPath: m_LocalRotation.x
      value: -0
      objectReference: {fileID: 0}
    - target: {fileID: -4216859302048453862, guid: 6967f21fbd3982242ab3fa5bb98de506,
        type: 3}
      propertyPath: m_LocalRotation.y
      value: -0
      objectReference: {fileID: 0}
    - target: {fileID: -4216859302048453862, guid: 6967f21fbd3982242ab3fa5bb98de506,
        type: 3}
      propertyPath: m_LocalRotation.z
      value: -0
      objectReference: {fileID: 0}
    - target: {fileID: -4216859302048453862, guid: 6967f21fbd3982242ab3fa5bb98de506,
        type: 3}
      propertyPath: m_LocalRotation.w
      value: 1
      objectReference: {fileID: 0}
    - target: {fileID: -4216859302048453862, guid: 6967f21fbd3982242ab3fa5bb98de506,
        type: 3}
      propertyPath: m_RootOrder
      value: 0
      objectReference: {fileID: 0}
    - target: {fileID: -4216859302048453862, guid: 6967f21fbd3982242ab3fa5bb98de506,
        type: 3}
      propertyPath: m_LocalEulerAnglesHint.x
      value: 0
      objectReference: {fileID: 0}
    - target: {fileID: -4216859302048453862, guid: 6967f21fbd3982242ab3fa5bb98de506,
        type: 3}
      propertyPath: m_LocalEulerAnglesHint.y
      value: 0
      objectReference: {fileID: 0}
    - target: {fileID: -4216859302048453862, guid: 6967f21fbd3982242ab3fa5bb98de506,
        type: 3}
      propertyPath: m_LocalEulerAnglesHint.z
      value: 0
      objectReference: {fileID: 0}
    - target: {fileID: -3780194501225495385, guid: 6967f21fbd3982242ab3fa5bb98de506,
        type: 3}
      propertyPath: m_TagString
      value: car
      objectReference: {fileID: 0}
    - target: {fileID: -3754737648695061548, guid: 6967f21fbd3982242ab3fa5bb98de506,
        type: 3}
      propertyPath: m_TagString
      value: car
      objectReference: {fileID: 0}
    - target: {fileID: -1611587292378730697, guid: 6967f21fbd3982242ab3fa5bb98de506,
        type: 3}
      propertyPath: m_TagString
      value: car
      objectReference: {fileID: 0}
    - target: {fileID: -927199367670048503, guid: 6967f21fbd3982242ab3fa5bb98de506,
        type: 3}
      propertyPath: m_Name
      value: car_01
      objectReference: {fileID: 0}
    - target: {fileID: -927199367670048503, guid: 6967f21fbd3982242ab3fa5bb98de506,
        type: 3}
      propertyPath: m_TagString
      value: car
      objectReference: {fileID: 0}
    - target: {fileID: -859487446460805860, guid: 6967f21fbd3982242ab3fa5bb98de506,
        type: 3}
      propertyPath: m_TagString
      value: car
      objectReference: {fileID: 0}
    - target: {fileID: -10337652391859508, guid: 6967f21fbd3982242ab3fa5bb98de506,
        type: 3}
      propertyPath: m_Materials.Array.data[0]
      value: 
      objectReference: {fileID: 2100000, guid: 865830b8747acc445bdadfe4c67809ce, type: 2}
    - target: {fileID: 723677510625122814, guid: 6967f21fbd3982242ab3fa5bb98de506,
        type: 3}
      propertyPath: m_Materials.Array.data[0]
      value: 
      objectReference: {fileID: 2100000, guid: 865830b8747acc445bdadfe4c67809ce, type: 2}
    - target: {fileID: 3535326555709493330, guid: 6967f21fbd3982242ab3fa5bb98de506,
        type: 3}
      propertyPath: m_TagString
      value: car
      objectReference: {fileID: 0}
    - target: {fileID: 3693960921856957639, guid: 6967f21fbd3982242ab3fa5bb98de506,
        type: 3}
      propertyPath: m_Materials.Array.data[0]
      value: 
      objectReference: {fileID: 2100000, guid: 865830b8747acc445bdadfe4c67809ce, type: 2}
    - target: {fileID: 3868617336652974755, guid: 6967f21fbd3982242ab3fa5bb98de506,
        type: 3}
      propertyPath: m_TagString
      value: car
      objectReference: {fileID: 0}
    - target: {fileID: 5705613376670755772, guid: 6967f21fbd3982242ab3fa5bb98de506,
        type: 3}
      propertyPath: m_Materials.Array.data[0]
      value: 
      objectReference: {fileID: 2100000, guid: 865830b8747acc445bdadfe4c67809ce, type: 2}
    - target: {fileID: 8863198586851742363, guid: 6967f21fbd3982242ab3fa5bb98de506,
        type: 3}
      propertyPath: m_Materials.Array.data[0]
      value: 
      objectReference: {fileID: 2100000, guid: 865830b8747acc445bdadfe4c67809ce, type: 2}
    - target: {fileID: 9064135812264583459, guid: 6967f21fbd3982242ab3fa5bb98de506,
        type: 3}
      propertyPath: m_Materials.Array.data[0]
      value: 
      objectReference: {fileID: 2100000, guid: 865830b8747acc445bdadfe4c67809ce, type: 2}
    m_RemovedComponents: []
  m_SourcePrefab: {fileID: 100100000, guid: 6967f21fbd3982242ab3fa5bb98de506, type: 3}
--- !u!1 &7218043515748861432 stripped
GameObject:
  m_CorrespondingSourceObject: {fileID: -927199367670048503, guid: 6967f21fbd3982242ab3fa5bb98de506,
    type: 3}
  m_PrefabInstance: {fileID: 1660219968501488881}
  m_PrefabAsset: {fileID: 0}
--- !u!4 &5940526692112218091 stripped
Transform:
  m_CorrespondingSourceObject: {fileID: -4216859302048453862, guid: 6967f21fbd3982242ab3fa5bb98de506,
    type: 3}
  m_PrefabInstance: {fileID: 1660219968501488881}
  m_PrefabAsset: {fileID: 0}
--- !u!4 &196872846675359304 stripped
Transform:
  m_CorrespondingSourceObject: {fileID: 1563074029056404153, guid: 6967f21fbd3982242ab3fa5bb98de506,
    type: 3}
  m_PrefabInstance: {fileID: 1660219968501488881}
  m_PrefabAsset: {fileID: 0}
--- !u!1001 &5841367718399250057
PrefabInstance:
  m_ObjectHideFlags: 0
  serializedVersion: 2
  m_Modification:
    m_TransformParent: {fileID: 196872846675359304}
    m_Modifications:
    - target: {fileID: 5291896868515699907, guid: ace135ca28168e243a2e888f09ec3ec5,
        type: 3}
      propertyPath: m_LocalPosition.x
      value: 1.33
      objectReference: {fileID: 0}
    - target: {fileID: 5291896868515699907, guid: ace135ca28168e243a2e888f09ec3ec5,
        type: 3}
      propertyPath: m_LocalPosition.y
      value: -0.03
      objectReference: {fileID: 0}
    - target: {fileID: 5291896868515699907, guid: ace135ca28168e243a2e888f09ec3ec5,
        type: 3}
      propertyPath: m_LocalPosition.z
      value: -0
      objectReference: {fileID: 0}
    - target: {fileID: 5291896868515699907, guid: ace135ca28168e243a2e888f09ec3ec5,
        type: 3}
      propertyPath: m_LocalRotation.x
      value: 0
      objectReference: {fileID: 0}
    - target: {fileID: 5291896868515699907, guid: ace135ca28168e243a2e888f09ec3ec5,
        type: 3}
      propertyPath: m_LocalRotation.y
      value: 0.7071068
      objectReference: {fileID: 0}
    - target: {fileID: 5291896868515699907, guid: ace135ca28168e243a2e888f09ec3ec5,
        type: 3}
      propertyPath: m_LocalRotation.z
      value: 0
      objectReference: {fileID: 0}
    - target: {fileID: 5291896868515699907, guid: ace135ca28168e243a2e888f09ec3ec5,
        type: 3}
      propertyPath: m_LocalRotation.w
      value: 0.7071068
      objectReference: {fileID: 0}
    - target: {fileID: 5291896868515699907, guid: ace135ca28168e243a2e888f09ec3ec5,
        type: 3}
      propertyPath: m_RootOrder
      value: 0
      objectReference: {fileID: 0}
    - target: {fileID: 5291896868515699907, guid: ace135ca28168e243a2e888f09ec3ec5,
        type: 3}
      propertyPath: m_LocalEulerAnglesHint.x
      value: 0
      objectReference: {fileID: 0}
    - target: {fileID: 5291896868515699907, guid: ace135ca28168e243a2e888f09ec3ec5,
        type: 3}
      propertyPath: m_LocalEulerAnglesHint.y
      value: 90
      objectReference: {fileID: 0}
    - target: {fileID: 5291896868515699907, guid: ace135ca28168e243a2e888f09ec3ec5,
        type: 3}
      propertyPath: m_LocalEulerAnglesHint.z
      value: 0
      objectReference: {fileID: 0}
    - target: {fileID: 8205898547864204129, guid: ace135ca28168e243a2e888f09ec3ec5,
        type: 3}
      propertyPath: m_Name
      value: miotacz_ognia
      objectReference: {fileID: 0}
    - target: {fileID: 8205898547864204129, guid: ace135ca28168e243a2e888f09ec3ec5,
        type: 3}
      propertyPath: m_TagString
      value: car
      objectReference: {fileID: 0}
    m_RemovedComponents: []
  m_SourcePrefab: {fileID: 100100000, guid: ace135ca28168e243a2e888f09ec3ec5, type: 3}
--- !u!198 &2468701809793762739 stripped
ParticleSystem:
  m_CorrespondingSourceObject: {fileID: 8309743616910166842, guid: ace135ca28168e243a2e888f09ec3ec5,
    type: 3}
  m_PrefabInstance: {fileID: 5841367718399250057}
  m_PrefabAsset: {fileID: 0}
